@misc{cryptoeprint:2003:195,
    author = {Dan Boneh and Giovanni Di Crescenzo and Rafail Ostrovsky and Giuseppe Persiano},
    title = {Public Key Encryption with keyword Search},
    howpublished = {Cryptology ePrint Archive, Report 2003/195},
    year = {2003},
    note = {\url{http://eprint.iacr.org/}},
}

@INPROCEEDINGS{848445,
author={Dawn Xiaoding Song and Wagner, D. and Perrig, A.},
booktitle={Security and Privacy, 2000. S P 2000. Proceedings. 2000 IEEE Symposium on},
title={Practical techniques for searches on encrypted data},
year={2000},
month={},
pages={44-55},
keywords={computational complexity;cryptography;data privacy;file servers;information retrieval;theorem proving;arbitrary word;block cipher operations;ciphertext;communication overhead;controlled searching;crypto systems;cryptographic schemes;data confidentiality;data storage servers;encrypted data;encrypted data searches;encryption;file servers;hidden queries;mail servers;plaintext;privacy risks;provable secrecy;query isolation;search result;secret word;security proofs;stream cipher;untrusted server;user authorization;Authorization;Contracts;Cryptography;Data privacy;Data security;Electronic mail;File servers;Memory;Postal services;US Government agencies},
doi={10.1109/SECPRI.2000.848445},
ISSN={1081-6011},}

@incollection{abdalla:se-revisited,
year={2005},
isbn={978-3-540-28114-6},
booktitle={Advances in Cryptology--CRYPTO 2005},
volume={3621},
series={Lecture Notes in Computer Science},
editor={Shoup, Victor},
doi={10.1007/11535218_13},
title={Searchable Encryption Revisited: Consistency Properties, Relation to Anonymous IBE, and Extensions},
url={http://dx.doi.org/10.1007/11535218_13},
publisher={Springer Berlin Heidelberg},
author={Abdalla, Michel and Bellare, Mihir and Catalano, Dario and Kiltz, Eike and Kohno, Tadayoshi and Lange, Tanja and Malone-Lee, John and Neven, Gregory and Paillier, Pascal and Shi, Haixia},
pages={205-222},
language={English}
}

@incollection{baek:se-revisited,
year={2008},
isbn={978-3-540-69838-8},
booktitle={Computational Science and Its Applications--ICCSA 2008},
volume={5072},
series={Lecture Notes in Computer Science},
editor={Gervasi, Osvaldo and Murgante, Beniamino and Lagan√†, Antonio and Taniar, David and Mun, Youngsong and Gavrilova, MarinaL.},
doi={10.1007/978-3-540-69839-5_96},
title={Public Key Encryption with Keyword Search Revisited},
url={http://dx.doi.org/10.1007/978-3-540-69839-5_96},
publisher={Springer Berlin Heidelberg},
author={Baek, Joonsang and Safavi-Naini, Reihaneh and Susilo, Willy},
pages={1249-1259},
language={English}
}

@incollection{boneh:predicate,
year={2007},
isbn={978-3-540-70935-0},
booktitle={Theory of Cryptography},
volume={4392},
series={Lecture Notes in Computer Science},
editor={Vadhan, SalilP.},
doi={10.1007/978-3-540-70936-7_29},
title={Conjunctive, Subset, and Range Queries on Encrypted Data},
url={http://dx.doi.org/10.1007/978-3-540-70936-7_29},
publisher={Springer Berlin Heidelberg},
author={Boneh, Dan and Waters, Brent},
pages={535-554},
language={English}
}

@article{katz:predicate,
year={2013},
issn={0933-2790},
journal={Journal of Cryptology},
volume={26},
number={2},
doi={10.1007/s00145-012-9119-4},
title={Predicate Encryption Supporting Disjunctions, Polynomial Equations, and Inner Products},
url={http://dx.doi.org/10.1007/s00145-012-9119-4},
publisher={Springer-Verlag},
keywords={Predicate encryption; Public-key encryption; Inner-product encryption},
author={Katz, Jonathan and Sahai, Amit and Waters, Brent},
pages={191-224},
language={English}
}

@misc{cryptoeprint:2003:216,
    author = {Eu-Jin Goh},
    title = {Secure Indexes},
    howpublished = {Cryptology ePrint Archive, Report 2003/216},
    year = {2003},
    note = {\url{http://eprint.iacr.org/}},
}

@incollection{chang:remote,
year={2005},
isbn={978-3-540-26223-7},
booktitle={Applied Cryptography and Network Security},
volume={3531},
series={Lecture Notes in Computer Science},
editor={Ioannidis, John and Keromytis, Angelos and Yung, Moti},
doi={10.1007/11496137_30},
title={Privacy Preserving Keyword Searches on Remote Encrypted Data},
url={http://dx.doi.org/10.1007/11496137_30},
publisher={Springer Berlin Heidelberg},
author={Chang, Yan-Cheng and Mitzenmacher, Michael},
pages={442-455},
language={English}
}

@INPROCEEDINGS{5462196,
author={Jin Li and Qian Wang and Cong Wang and Ning Cao and Kui Ren and Wenjing Lou},
booktitle={INFOCOM, 2010 Proceedings IEEE},
title={Fuzzy Keyword Search over Encrypted Data in Cloud Computing},
year={2010},
month={March},
pages={1-5},
keywords={Internet;cryptography;data privacy;fuzzy set theory;information retrieval;cloud computing;data privacy;data protection;encrypted data;files matching;fuzzy keyword search;user searching behavior;Cloud computing;Cryptography;Data privacy;Fuzzy systems;Impedance matching;Information retrieval;Keyword search;Outsourcing;Protection;Usability},
doi={10.1109/INFCOM.2010.5462196},
ISSN={0743-166X},}

@ARTICLE{6674958,
author={Ning Cao and Cong Wang and Ming Li and Kui Ren and Wenjing Lou},
journal={Parallel and Distributed Systems, IEEE Transactions on},
title={Privacy-Preserving Multi-Keyword Ranked Search over Encrypted Cloud Data},
year={2014},
month={Jan},
volume={25},
number={1},
pages={222-233},
keywords={cloud computing;cryptography;data privacy;information retrieval;Boolean keyword search;cloud computing;cloud data utilization system;commercial public cloud;coordinate matching measure;data management systems;data owners;data privacy;data search service;data utilization;encrypted cloud data;inner product similarity;multikeyword semantics;plaintext keyword search;privacy requirements;privacy-preserving multikeyword ranked search;searchable encryption;similarity measure;single keyword search;Cloud computing;keyword search;privacy-preserving;ranked search;searchable encryption},
doi={10.1109/TPDS.2013.45},
ISSN={1045-9219},}

@incollection{bellare:source,
year={2001},
isbn={978-3-540-42987-6},
booktitle={Advances in Cryptology--ASIACRYPT 2001},
volume={2248},
series={Lecture Notes in Computer Science},
editor={Boyd, Colin},
doi={10.1007/3-540-45682-1_33},
title={Key-Privacy in Public-Key Encryption},
url={http://dx.doi.org/10.1007/3-540-45682-1_33},
publisher={Springer Berlin Heidelberg},
author={Bellare, Mihir and Boldyreva, Alexandra and Desai, Anand and Pointcheval, David},
pages={566-582},
language={English}
}

@book{du:cover-free-families,
    author    = "Du, Ding-Zhu and Hwang, Frank K.",
    title     = "Combinatorial Group Testing and Its Applications",
    publisher = "World Scientific",
    year      = "1993",
}
